<record><leader>00000cas a22000007a 4500</leader><controlfield tag="001">31192906</controlfield><controlfield tag="008">940928d185318uumouwr ne      0    0eng d</controlfield><datafield ind1=" " ind2=" " tag="010"><subfield code="a">sn 94060608 </subfield></datafield><datafield ind1=" " ind2=" " tag="040"><subfield code="a">NVF</subfield><subfield code="b">eng</subfield><subfield code="c">NVF</subfield><subfield code="d">OCL</subfield><subfield code="d">OCLCQ</subfield><subfield code="d">OCLCF</subfield><subfield code="d">OCLCO</subfield></datafield><datafield ind1="1" ind2=" " tag="029"><subfield code="a">AU@</subfield><subfield code="b">000011309927</subfield></datafield><datafield ind1=" " ind2=" " tag="042"><subfield code="a">msc</subfield></datafield><datafield ind1=" " ind2=" " tag="043"><subfield code="a">n-us-mo</subfield><subfield code="a">n-usc--</subfield></datafield><datafield ind1="0" ind2=" " tag="130"><subfield code="a">Anzeiger des Westens (Saint Louis, Mo. : English ed.)</subfield></datafield><datafield ind1="1" ind2="0" tag="245"><subfield code="a">Anzeiger des Westens.</subfield></datafield><datafield ind1=" " ind2=" " tag="260"><subfield code="a">St. Louis, Mo. :</subfield><subfield code="b">Henry Boernstein</subfield></datafield><datafield ind1=" " ind2=" " tag="300"><subfield code="a">v.</subfield></datafield><datafield ind1=" " ind2=" " tag="310"><subfield code="a">Weekly</subfield></datafield><datafield ind1="0" ind2=" " tag="362"><subfield code="a">Vol. 1, no. 1 (July 16, 1853)-</subfield></datafield><datafield ind1=" " ind2=" " tag="546"><subfield code="a">In English.</subfield></datafield><datafield ind1=" " ind2=" " tag="580"><subfield code="a">Weekly German ed.: Anzeiger des Westens (Saint Louis, Mo. : 1851), 1853-&lt;&gt;.</subfield></datafield><datafield ind1=" " ind2=" " tag="580"><subfield code="a">Daily German ed.: Anzeiger des Westens (Saint Louis, Mo. : 1850), 1853-&lt;&gt;.</subfield></datafield><datafield ind1=" " ind2=" " tag="580"><subfield code="a">Sunday German ed.: Anzeiger des Westens (Saint Louis, Mo. : 1861), 1853-&lt;&gt;.</subfield></datafield><datafield ind1=" " ind2="0" tag="650"><subfield code="a">Germans</subfield><subfield code="z">Missouri</subfield><subfield code="v">Newspapers.</subfield></datafield><datafield ind1=" " ind2="0" tag="650"><subfield code="a">Germans</subfield><subfield code="z">Middle West</subfield><subfield code="v">Newspapers.</subfield></datafield><datafield ind1=" " ind2="0" tag="651"><subfield code="a">Saint Louis (Mo.)</subfield><subfield code="v">Newspapers.</subfield></datafield><datafield ind1=" " ind2="7" tag="655"><subfield code="a">Newspapers.</subfield><subfield code="2">fast</subfield><subfield code="0">(OCoLC)fst01423814</subfield></datafield><datafield ind1=" " ind2="7" tag="650"><subfield code="a">Germans.</subfield><subfield code="2">fast</subfield><subfield code="0">(OCoLC)fst00942100</subfield></datafield><datafield ind1=" " ind2="7" tag="651"><subfield code="a">Middle West.</subfield><subfield code="2">fast</subfield><subfield code="0">(OCoLC)fst01240052</subfield></datafield><datafield ind1=" " ind2="7" tag="651"><subfield code="a">Missouri.</subfield><subfield code="2">fast</subfield><subfield code="0">(OCoLC)fst01204724</subfield></datafield><datafield ind1=" " ind2="7" tag="651"><subfield code="a">Missouri</subfield><subfield code="z">Saint Louis.</subfield><subfield code="2">fast</subfield><subfield code="0">(OCoLC)fst01204930</subfield></datafield><datafield ind1=" " ind2=" " tag="752"><subfield code="a">United States</subfield><subfield code="b">Missouri</subfield><subfield code="d">Saint Louis.</subfield></datafield><datafield ind1="1" ind2=" " tag="775"><subfield code="t">Anzeiger des Westens (Saint Louis, Mo. : 1851)</subfield><subfield code="w">(DLC)sn 83045851</subfield></datafield><datafield ind1="1" ind2=" " tag="775"><subfield code="t">Anzeiger des Westens (Saint Louis, Mo. : 1850)</subfield><subfield code="w">(DLC)sn 93060149</subfield></datafield><datafield ind1="1" ind2=" " tag="775"><subfield code="t">Anzeiger des Westens (Saint Louis, Mo. : 1861)</subfield><subfield code="w">(DLC)sn 87052211</subfield></datafield></record>